@misc{ Thielman:2016,
    author  = "Sam Thielman",
    title   = "Yahoo hack: 1bn accounts compromised by biggest data breach in history",
    year    = "2016",
    url     = "https://www.theguardian.com/technology/2016/dec/14/yahoo-hack-security-of-one-billion-accounts-breached",
    note    = "[Online; accessed 2017-01-12]"
}

@misc{ Fiegerman:2016,
    author  = "Seth Fiegerman",
    title   = "Yahoo says 500 million accounts stolen",
    year    = "2016",
    url     = "http://money.cnn.com/2016/09/22/technology/yahoo-data-breach/",
    note    = "[Online; accessed 2017-01-12]"
}

@misc{ Hunt:2016,
    author  = "Troy Hunt",
    title   = "have i been pwned?",
    year    = "2016",
    url     = "https://haveibeenpwned.com/",
    note    = "[Online; accessed 2017-01-12]"
}

@misc{ Tabachnik:2016,
    author  = "Igal Tabachnik, Omer van Kloeten",
    title   = "Plain Text Offenders",
    year    = "2016",
    url     = "http://plaintextoffenders.com/",
    note    = "[Online; accessed 2017-01-12]"
}

@article{ Herley:2011,
  title     = {A research agenda acknowledging the persistence of passwords},
  author    = {Herley, Cormac and Van Oorschot, Paul},
  journal   = {IEEE Security \& Privacy},
  volume    = {10},
  number    = {1},
  pages     = {28--36},
  year      = {2012},
  publisher = {IEEE}
}

@inproceedings{ Halderman:2005,
  title         ={A convenient method for securely managing passwords},
  author        ={Halderman, J Alex and Waters, Brent and Felten, Edward W},
  booktitle     ={Proceedings of the 14th international conference on World Wide Web},
  pages         ={471--479},
  year          ={2005},
  organization  ={ACM}
}

@misc{ Lord:2016,
    author  = "Bob Lord",
    title   = "An Important Message About Yahoo User Security",
    year    = "2016",
    url     = "https://yahoo.tumblr.com/post/150781911849/an-important-message-about-yahoo-user-security",
    note    = "[Online; accessed 2017-01-12]"
}

@inproceedings{ Wang:2005,
  title         = {Finding collisions in the full SHA-1},
  author        = {Wang, Xiaoyun and Yin, Yiqun Lisa and Yu, Hongbo},
  booktitle     = {Annual International Cryptology Conference},
  pages         = {17--36},
  year          = {2005},
  organization  = {Springer}
}

@misc{ Aas:2016,
    author  = "Josh Aas",
    title   = "Progress Towards 100% HTTPS, June 2016",
    year    = "2016",
    url     = "https://letsencrypt.org/2016/06/22/https-progress-june-2016.html",
    note    = "[Online; accessed 2017-01-12]"
}

@misc{ Perlroth:2012,
    author  = "Nicole Perlroth",
    title   = "Lax Security at LinkedIn Is Laid Bare",
    year    = "2012",
    url     = "http://www.nytimes.com/2012/06/11/technology/linkedin-breach-exposes-light-security-even-at-data-companies.html",
    note    = "[Online; accessed 2017-01-12]"
}

@misc{ Hackett:2016,
    author  = "Robert Hackett",
    title   = "LinkedIn Lost 167 Million Account Credentials in Data Breach",
    year    = "2012",
    url     = "http://fortune.com/2016/05/18/linkedin-data-breach-email-password/",
    note    = "[Online; accessed 2017-01-12]"
}

@inproceedings{ Li:2014,
  title     = {The emperor's new password manager: Security analysis of web-based password managers},
  author    = {Li, Zhiwei and He, Warren and Akhawe, Devdatta and Song, Dawn},
  booktitle = {23rd USENIX Security Symposium (USENIX Security 14)},
  pages     = {465--479},
  year      = {2014}
}

@misc{ Gibson:2016,
    author  = "Steve Gibson",
    title   = "Secure Quick Reliable Login",
    year    = "2015",
    url     = "https://www.grc.com/sqrl/sqrl.htm",
    note    = "[Online; accessed 2017-01-12]"
}

@misc{ Python:2017,
    title   = "Python 2.7.13 documentation",
    year    = "2017",
    url     = "https://docs.python.org/2/library/random.html#random.SystemRandom",
    note    = "[Online; accessed 2017-01-12]"
}

@misc{ Python:2017:2,
    title   = "Python 2.7.13 documentation",
    year    = "2017",
    url     = "https://docs.python.org/2/library/os.html#os.urandom",
    note    = "[Online; accessed 2017-01-12]"
}

@misc{ PCA:2017,
    title   = "Python Cryptographic Authority",
    year    = "2017",
    url     = "https://github.com/pyca",
    note    = "[Online; accessed 2017-01-12]"
}

